@article{Chatrchyan_2012,
   title={Observation of a new boson at a mass of 125 GeV with the CMS experiment at the LHC},
   volume={716},
   ISSN={0370-2693},
   url={http://dx.doi.org/10.1016/j.physletb.2012.08.021},
   DOI={10.1016/j.physletb.2012.08.021},
   number={1},
   journal={Physics Letters B},
   publisher={Elsevier BV},
   author={Chatrchyan, S. and Khachatryan, V. and Sirunyan, A.M. and Tumasyan, A. and Adam, W. and Aguilo, E. and Bergauer, T. and Dragicevic, M. and Erö, J. and Fabjan, C. and et al.},
   year={2012},
   month={Sep},
   pages={30–61}
}

@article{Kobayashi:1973fv,
    author = "Kobayashi, Makoto and Maskawa, Toshihide",
    title = "{CP Violation in the Renormalizable Theory of Weak Interaction}",
    reportNumber = "KUNS-242",
    doi = "10.1143/PTP.49.652",
    journal = "Prog. Theor. Phys.",
    volume = "49",
    pages = "652--657",
    year = "1973"
}


@Article{Albrecht1995,
author={Albrecht, H.
and Hamacher, T.
and Hofmann, R. P.
and Kirchhoff, T.
and Mankel, R.
and Nau, A.
and Nowak, S.
and Re{\ss}ing, D.
and Schr{\"o}der, H.
and Schulz, H. D.
and Walter, M.
and Wurth, R.
and Hast, C.
and Kapitza, H.
and Kolanoski, H.
and Kosche, A.
and Lange, A.
and Lindner, A.
and Schieber, M.
and Siegmund, T.
and Spaan, B.
and Thurn, H.
and T{\"o}pfer, D.
and Wegener, D.
and Eckstein, P.
and Frankl, C.
and Graf, J.
and Schmidtler, M.
and Schramm, M.
and Schubert, K. R.
and Schwierz, R.
and Waldi, R.
and Reim, K.
and Wegener, H.
and Eckmann, R.
and Kuipers, H.
and Mai, O.
and Mundt, R.
and Oest, T.
and Reiner, R.
and Schmidt-Parzefall, W.
and Stiewe, J.
and Werner, S.
and Ehret, K.
and Hofmann, W.
and H{\"u}pper, A.
and Kn{\"o}pfle, K. T.
and Spengler, J.
and Kreger, P.
and MacFarlane, D. B.
and Prentice, J. D.
and Saull, P. R. B.
and Tzamariudaki, K.
and Van de Water, R. G.
and Yoon, T.-S.
and Schneider, M.
and Weseler, S.
and Kernel, G.
and Kri{\v{z}}ni{\v{c}}, P.
and Podobnik, T.
and {\v{Z}}ivko, T.
and Balagura, V.
and Barsuk, S.
and Belyaev, I.
and Chistov, R.
and Danilov, M.
and Eiges, V.
and Gershtein, L.
and Gershtein, Yu.
and Golutvin, A.
and Igonkina, O.
and Korolko, I.
and Kostina, G.
and Litvintsev, D.
and Pakhlov, P.
and Semenov, S.
and Snizhko, A.
and Tichomirov, I.
and Zaitsev, Yu.
and Collaboration, A. R. G. U. S.},
title={A search for the lepton-flavour violating decays $\tau$ {\textrightarrow} e$\alpha$, $\tau$ {\textrightarrow} $\mu$ $\alpha$},
journal={Zeitschrift f{\"u}r Physik C Particles and Fields},
year={1995},
month={Mar},
day={01},
volume={68},
number={1},
pages={25-28},
abstract={Lepton spectra in $\tau$ decays have been studied with the ARGUS detector at thee+e− storage ring DORIS II at DESY using the ``pseudo-rest-frame'' technique. We have improved upper limits for two-body $\tau$-decays into a lepton and an unobservable particle.},
issn={1431-5858},
doi={10.1007/BF01579801},
url={https://doi.org/10.1007/BF01579801}
}

@article{PhysRevD.95.075037,
  title = {Measuring masses in semi-invisible final states at electron-positron colliders},
  author = {Xiang, Qian-Fei and Bi, Xiao-Jun and Yan, Qi-Shu and Yin, Peng-Fei and Yu, Zhao-Huan},
  journal = {Phys. Rev. D},
  volume = {95},
  issue = {7},
  pages = {075037},
  numpages = {15},
  year = {2017},
  month = {Apr},
  publisher = {American Physical Society},
  doi = {10.1103/PhysRevD.95.075037},
  url = {https://link.aps.org/doi/10.1103/PhysRevD.95.075037}
}

@article{PhysRevD.90.012001,
  title = {Precision measurement of the mass of the $\ensuremath{\tau}$ lepton},
  author = {Ablikim, M. and Achasov, M. N. and Ai, X. C. and Albayrak, O. and Albrecht, M. and Ambrose, D. J. and An, F. F. and An, Q. and Bai, J. Z. and Baldini Ferroli, R. and Ban, Y. and Bennett, J. V. and Bertani, M. and Bian, J. M. and Boger, E. and Bondarenko, O. and Boyko, I. and Braun, S. and Briere, R. A. and Cai, H. and Cai, X. and Cakir, O. and Calcaterra, A. and Cao, G. F. and Cetin, S. A. and Chang, J. F. and Chelkov, G. and Chen, G. and Chen, H. S. and Chen, J. C. and Chen, M. L. and Chen, S. J. and Chen, X. and Chen, X. R. and Chen, Y. B. and Cheng, H. P. and Chu, X. K. and Chu, Y. P. and Cronin-Hennessy, D. and Dai, H. L. and Dai, J. P. and Dedovich, D. and Deng, Z. Y. and Denig, A. and Denysenko, I. and Destefanis, M. and Ding, W. M. and Ding, Y. and Dong, C. and Dong, J. and Dong, L. Y. and Dong, M. Y. and Du, S. X. and Fan, J. Z. and Fang, J. and Fang, S. S. and Fang, Y. and Fava, L. and Feng, C. Q. and Fu, C. D. and Fuks, O. and Gao, Q. and Gao, Y. and Geng, C. and Goetzen, K. and Gong, W. X. and Gradl, W. and Greco, M. and Gu, M. H. and Gu, Y. T. and Guan, Y. H. and Guo, A. Q. and Guo, L. B. and Guo, T. and Guo, Y. P. and Guo, Y. P. and Han, Y. L. and Harris, F. A. and He, K. L. and He, M. and He, Z. Y. and Held, T. and Heng, Y. K. and Hou, Z. L. and Hu, C. and Hu, H. M. and Hu, J. F. and Hu, T. and Huang, G. M. and Huang, G. S. and Huang, H. P. and Huang, J. S. and Huang, L. and Huang, X. T. and Huang, Y. and Hussain, T. and Ji, C. S. and Ji, Q. and Ji, Q. P. and Ji, X. B. and Ji, X. L. and Jiang, L. L. and Jiang, L. W. and Jiang, X. S. and Jiao, J. B. and Jiao, Z. and Jin, D. P. and Jin, S. and Johansson, T. and Kalantar-Nayestanaki, N. and Kang, X. L. and Kang, X. S. and Kavatsyuk, M. and Kloss, B. and Kopf, B. and Kornicer, M. and Kuehn, W. and Kupsc, A. and Lai, W. and Lange, J. S. and Lara, M. and Larin, P. and Leyhe, M. and Li, C. H. and Li, Cheng and Li, Cui and Li, D. and Li, D. M. and Li, F. and Li, G. and Li, H. B. and Li, J. C. and Li, K. and Li, K. and Li, Lei and Li, P. R. and Li, Q. J. and Li, T. and Li, W. D. and Li, W. G. and Li, X. L. and Li, X. N. and Li, X. Q. and Li, Z. B. and Liang, H. and Liang, Y. F. and Liang, Y. T. and Lin, D. X. and Liu, B. J. and Liu, C. L. and Liu, C. X. and Liu, F. H. and Liu, Fang and Liu, Feng and Liu, H. B. and Liu, H. H. and Liu, H. M. and Liu, J. and Liu, J. P. and Liu, K. and Liu, K. Y. and Liu, P. L. and Liu, Q. and Liu, S. B. and Liu, X. and Liu, Y. B. and Liu, Z. A. and Liu, Zhiqiang and Liu, Zhiqing and Loehner, H. and Lou, X. C. and Lu, G. R. and Lu, H. J. and Lu, H. L. and Lu, J. G. and Lu, X. R. and Lu, Y. and Lu, Y. P. and Luo, C. L. and Luo, M. X. and Luo, T. and Luo, X. L. and Lv, M. and Ma, F. C. and Ma, H. L. and Ma, Q. M. and Ma, S. and Ma, T. and Ma, X. Y. and Maas, F. E. and Maggiora, M. and Malik, Q. A. and Mao, Y. J. and Mao, Z. P. and Messchendorp, J. G. and Min, J. and Min, T. J. and Mitchell, R. E. and Mo, X. H. and Mo, Y. J. and Moeini, H. and Morales Morales, C. and Moriya, K. and Muchnoi, N. Yu. and Muramatsu, H. and Nefedov, Y. and Nikolaev, I. B. and Ning, Z. and Nisar, S. and Niu, X. Y. and Olsen, S. L. and Ouyang, Q. and Pacetti, S. and Pelizaeus, M. and Peng, H. P. and Peters, K. and Ping, J. L. and Ping, R. G. and Poling, R. and Q., N. and Qi, M. and Qian, S. and Qiao, C. F. and Qin, L. Q. and Qin, X. S. and Qin, Y. and Qin, Z. H. and Qiu, J. F. and Rashid, K. H. and Redmer, C. F. and Ripka, M. and Rong, G. and Ruan, X. D. and Sarantsev, A. and Schoenning, K. and Schumann, S. and Shan, W. and Shao, M. and Shen, C. P. and Shen, X. Y. and Sheng, H. Y. and Shepherd, M. R. and Song, W. M. and Song, X. Y. and Spataro, S. and Spruck, B. and Sun, G. X. and Sun, J. F. and Sun, S. S. and Sun, Y. J. and Sun, Y. Z. and Sun, Z. J. and Sun, Z. T. and Tang, C. J. and Tang, X. and Tapan, I. and Thorndike, E. H. and Toth, D. and Ullrich, M. and Uman, I. and Varner, G. S. and Wang, B. and Wang, D. and Wang, D. Y. and Wang, K. and Wang, L. L. and Wang, L. S. and Wang, M. and Wang, P. and Wang, P. L. and Wang, Q. J. and Wang, S. G. and Wang, W. and Wang, X. F. and Wang, Y. D. and Wang, Y. F. and Wang, Y. Q. and Wang, Z. and Wang, Z. G. and Wang, Z. H. and Wang, Z. Y. and Wei, D. H. and Wei, J. B. and Weidenkaff, P. and Wen, S. P. and Werner, M. and Wiedner, U. and Wolke, M. and Wu, L. H. and Wu, N. and Wu, Z. and Xia, L. G. and Xia, Y. and Xiao, D. and Xiao, Z. J. and Xie, Y. G. and Xiu, Q. L. and Xu, G. F. and Xu, L. and Xu, Q. J. and Xu, Q. N. and Xu, X. P. and Xue, Z. and Yan, L. and Yan, W. B. and Yan, W. C. and Yan, Y. H. and Yang, H. X. and Yang, L. and Yang, Y. and Yang, Y. X. and Ye, H. and Ye, M. and Ye, M. H. and Yu, B. X. and Yu, C. X. and Yu, H. W. and Yu, J. S. and Yu, S. P. and Yuan, C. Z. and Yuan, W. L. and Yuan, Y. and Zafar, A. A. and Zallo, A. and Zang, S. L. and Zeng, Y. and Zhang, B. X. and Zhang, B. Y. and Zhang, C. and Zhang, C. B. and Zhang, C. C. and Zhang, D. H. and Zhang, H. H. and Zhang, H. Y. and Zhang, J. J. and Zhang, J. Q. and Zhang, J. W. and Zhang, J. Y. and Zhang, J. Z. and Zhang, S. H. and Zhang, X. J. and Zhang, X. Y. and Zhang, Y. and Zhang, Y. H. and Zhang, Z. H. and Zhang, Z. P. and Zhang, Z. Y. and Zhao, G. and Zhao, J. W. and Zhao, Lei and Zhao, Ling and Zhao, M. G. and Zhao, Q. and Zhao, Q. W. and Zhao, S. J. and Zhao, T. C. and Zhao, X. H. and Zhao, Y. B. and Zhao, Z. G. and Zhemchugov, A. and Zheng, B. and Zheng, J. P. and Zheng, Y. H. and Zhong, B. and Zhou, L. and Zhou, Li and Zhou, X. and Zhou, X. K. and Zhou, X. R. and Zhou, X. Y. and Zhu, K. and Zhu, K. J. and Zhu, X. L. and Zhu, Y. C. and Zhu, Y. S. and Zhu, Z. A. and Zhuang, J. and Zou, B. S. and Zou, J. H.},
  collaboration = {BESIII Collaboration},
  journal = {Phys. Rev. D},
  volume = {90},
  issue = {1},
  pages = {012001},
  numpages = {13},
  year = {2014},
  month = {Jul},
  publisher = {American Physical Society},
  doi = {10.1103/PhysRevD.90.012001},
  url = {https://link.aps.org/doi/10.1103/PhysRevD.90.012001}
}

@article{Aubert_2009,
   title={Measurements of theτmass and the mass difference of theτ+andτ−atBABAR},
   volume={80},
   ISSN={1550-2368},
   url={http://dx.doi.org/10.1103/PhysRevD.80.092005},
   DOI={10.1103/physrevd.80.092005},
   number={9},
   journal={Physical Review D},
   publisher={American Physical Society (APS)},
   author={Aubert, B. and Karyotakis, Y. and Lees, J. P. and Poireau, V. and Prencipe, E. and Prudent, X. and Tisserand, V. and Tico, J. Garra and Grauges, E. and Martinelli, M. and et al.},
   year={2009},
   month={Nov}
}

@article{PhysRevLett.99.011801,
  title = {Measurement of the $\ensuremath{\tau}$ Lepton Mass and an Upper Limit on the Mass Difference between ${\ensuremath{\tau}}^{+}$ and ${\ensuremath{\tau}}^{\ensuremath{-}}$},
  author = {Belous, K. and Shapkin, M. and Sokolov, A. and Abe, K. and Abe, K. and Adachi, I. and Aihara, H. and Anipko, D. and Arinstein, K. and Aulchenko, V. and Aushev, T. and Bakich, A. M. and Barberio, E. and Bay, A. and Bedny, I. and Bitenc, U. and Bizjak, I. and Blyth, S. and Bondar, A. and Bozek, A. and Bra\ifmmode \check{c}\else \v{c}\fi{}ko, M. and Browder, T. E. and Chang, M.-C. and Chen, A. and Chen, K.-F. and Chen, W. T. and Cheon, B. G. and Chistov, R. and Choi, Y. and Choi, Y. K. and Cole, S. and Dalseno, J. and Drutskoy, A. and Eidelman, S. and Epifanov, D. and Fratina, S. and Fujikawa, M. and Gabyshev, N. and Gershon, T. and Gokhroo, G. and Golob, B. and Ha, H. and Haba, J. and Hasegawa, Y. and Hayasaka, K. and Hayashii, H. and Hazumi, M. and Heffernan, D. and Hokuue, T. and Hoshi, Y. and Hou, S. and Hou, W.-S. and Iijima, T. and Ikado, K. and Imoto, A. and Inami, K. and Ishikawa, A. and Itoh, R. and Iwasaki, M. and Iwasaki, Y. and Kaji, H. and Kang, J. H. and Kapusta, P. and Katayama, N. and Kawasaki, T. and Khan, H. R. and Kichimi, H. and Kim, Y. J. and Kri\ifmmode \check{z}\else \v{z}\fi{}an, P. and Krokovny, P. and Kulasiri, R. and Kumar, R. and Kuo, C. C. and Kuzmin, A. and Kwon, Y.-J. and Lee, J. and Lee, M. J. and Lee, S. E. and Lesiak, T. and Lin, S.-W. and Liventsev, D. and Majumder, G. and Mandl, F. and Matsumoto, T. and Matyja, A. and McOnie, S. and Miyake, H. and Miyata, H. and Miyazaki, Y. and Mizuk, R. and Nakano, E. and Nakao, M. and Nakazawa, H. and Natkaniec, Z. and Nishida, S. and Nitoh, O. and Ogawa, S. and Ohshima, T. and Okuno, S. and Olsen, S. L. and Onuki, Y. and Ozaki, H. and Pakhlov, P. and Pakhlova, G. and Park, H. and Park, K. S. and Pestotnik, R. and Piilonen, L. E. and Poluektov, A. and Sakai, Y. and Satoyama, N. and Schneider, O. and Sch\"umann, J. and Seidl, R. and Senyo, K. and Sevior, M. E. and Shibuya, H. and Shwartz, B. and Singh, J. B. and Somov, A. and Soni, N. and Stani\ifmmode \check{c}\else \v{c}\fi{}, S. and Stari\ifmmode \check{c}\else \v{c}\fi{}, M. and Stoeck, H. and Suzuki, S. Y. and Takasaki, F. and Tamai, K. and Tanaka, M. and Taylor, G. N. and Teramoto, Y. and Tian, X. C. and Tikhomirov, I. and Trabelsi, K. and Tsuboyama, T. and Tsukamoto, T. and Uehara, S. and Uglov, T. and Ueno, K. and Uno, S. and Urquijo, P. and Usov, Y. and Varner, G. and Villa, S. and Vinokurova, A. and Wang, C. H. and Watanabe, Y. and Won, E. and Xie, Q. L. and Yabsley, B. D. and Yamaguchi, A. and Yamashita, Y. and Yamauchi, M. and Zhang, Z. P. and Zhilich, V. and Zhulanov, V. and Zupanc, A.},
  collaboration = {The Belle Collaboration},
  journal = {Phys. Rev. Lett.},
  volume = {99},
  issue = {1},
  pages = {011801},
  numpages = {6},
  year = {2007},
  month = {Jul},
  publisher = {American Physical Society},
  doi = {10.1103/PhysRevLett.99.011801},
  url = {https://link.aps.org/doi/10.1103/PhysRevLett.99.011801}
}

@article{GellMann:1964nj,
    author = "Gell-Mann, Murray",
    title = "{A Schematic Model of Baryons and Mesons}",
    doi = "10.1016/S0031-9163(64)92001-3",
    journal = "Phys. Lett.",
    volume = "8",
    pages = "214--215",
    year = "1964"
}

@article{Zweig:1981pd,
    author = "Zweig, G.",
    title = "{An SU(3) model for strong interaction symmetry and its breaking. Version 1}",
    reportNumber = "CERN-TH-401",
    month = "1",
    year = "1964"
}

@article{PhysRev.96.191,
  title = {Conservation of Isotopic Spin and Isotopic Gauge Invariance},
  author = {Yang, C. N. and Mills, R. L.},
  journal = {Phys. Rev.},
  volume = {96},
  issue = {1},
  pages = {191--195},
  numpages = {0},
  year = {1954},
  month = {Oct},
  publisher = {American Physical Society},
  doi = {10.1103/PhysRev.96.191},
  url = {https://link.aps.org/doi/10.1103/PhysRev.96.191}
}

@book{nagashima2013elementary,
  title={Elementary Particle Physics: Foundations of the Standard Model V2},
  author={Nagashima, Y.},
  number={v. 2},
  isbn={9783527648900},
  url={https://books.google.com.mx/books?id=QYlX6AL4CtwC},
  year={2013},
  publisher={Wiley}
}

@article{Perl_1992,
	doi = {10.1088/0034-4885/55/6/001},
	url = {https://doi.org/10.1088/0034-4885/55/6/001},
	year = 1992,
	month = {jun},
	publisher = {{IOP} Publishing},
	volume = {55},
	number = {6},
	pages = {653--722},
	author = {M L Perl},
	title = {The tau lepton},
	journal = {Reports on Progress in Physics},
	abstract = {The author reviews the experimental knowledge of the properties of the tau lepton and the tau neutrino. The conventional theory of lepton properties and interactions is summarized; and that theory is compared with experiment. Future directions for research in tau and tau neutrino physics are described.}
}

@article{Inami_2003,
   title={Search for the electric dipole moment of the τ lepton},
   volume={551},
   ISSN={0370-2693},
   url={http://dx.doi.org/10.1016/S0370-2693(02)02984-2},
   DOI={10.1016/s0370-2693(02)02984-2},
   number={1-2},
   journal={Physics Letters B},
   publisher={Elsevier BV},
   author={Inami, K. and Abe, K. and Abe, K. and Abe, R. and Abe, T. and Adachi, I. and Aihara, H. and Akatsu, M. and Asano, Y. and Aso, T. and et al.},
   year={2003},
   month={Jan},
   pages={16–26}
}

@Article{universe4100101,
AUTHOR = {Branchini, Paolo},
TITLE = {The Belle II Experiment: Status and Prospects},
JOURNAL = {Universe},
VOLUME = {4},
YEAR = {2018},
NUMBER = {10},
ARTICLE-NUMBER = {101},
URL = {https://www.mdpi.com/2218-1997/4/10/101},
ISSN = {2218-1997},
ABSTRACT = {The Belle II experiment is a substantial upgrade of the Belle detector and will operate at the SuperKEKBenergy-asymmetric      e +   e &minus;      collider. The accelerator has already successfully completed the first phase of commissioning in 2016. The first electron versus positron collisions in Belle II were delivered in April 2018. The design luminosity of SuperKEKB is 8 &times;    10 35     cm&minus;2s&minus;1, and the Belle II experiment aims to record 50 ab&minus;1 of data, a factor of 50 more than the Belle experiment. This large dataset will be accumulated with low backgrounds and high trigger efficiencies in a clean      e +   e &minus;      environment. This contribution will review the detector upgrade, the achieved detector performance and the plans for the commissioning of Belle II.},
DOI = {10.3390/universe4100101}
}

@misc{abe2010belle,
      title={Belle II Technical Design Report}, 
      author={T. Abe and I. Adachi and K. Adamczyk and S. Ahn and H. Aihara and K. Akai and M. Aloi and L. Andricek and K. Aoki and Y. Arai and A. Arefiev and K. Arinstein and Y. Arita and D. M. Asner and V. Aulchenko and T. Aushev and T. Aziz and A. M. Bakich and V. Balagura and Y. Ban and E. Barberio and T. Barvich and K. Belous and T. Bergauer and V. Bhardwaj and B. Bhuyan and S. Blyth and A. Bondar and G. Bonvicini and A. Bozek and M. Bracko and J. Brodzicka and O. Brovchenko and T. E. Browder and G. Cao and M. -C. Chang and P. Chang and Y. Chao and V. Chekelian and A. Chen and K. -F. Chen and P. Chen and B. G. Cheon and C. -C. Chiang and R. Chistov and K. Cho and S. -K. Choi and K. Chung and A. Comerma and M. Cooney and D. E. Cowley and T. Critchlow and J. Dalseno and M. Danilov and A. Dieguez and A. Dierlamm and M. Dillon and J. Dingfelder and R. Dolenec and Z. Dolezal and Z. Drasal and A. Drutskoy and W. Dungel and D. Dutta and S. Eidelman and A. Enomoto and D. Epifanov and S. Esen and J. E. Fast and M. Feindt and M. Fernandez Garcia and T. Fifield and P. Fischer and J. Flanagan and S. Fourletov and J. Fourletova and L. Freixas and A. Frey and M. Friedl and R. Fruehwirth and H. Fujii and M. Fujikawa and Y. Fukuma and Y. Funakoshi and K. Furukawa and J. Fuster and N. Gabyshev and A. Gaspar de Valenzuela Cueto and A. Garmash and L. Garrido and Ch. Geisler and I. Gfall and Y. M. Goh and B. Golob and I. Gorton and R. Grzymkowski and H. Guo and H. Ha and J. Haba and K. Hara and T. Hara and T. Haruyama and K. Hayasaka and K. Hayashi and H. Hayashii and M. Heck and S. Heindl and C. Heller and T. Hemperek and T. Higuchi and Y. Horii and W. -S. Hou and Y. B. Hsiung and C. -H. Huang and S. Hwang and H. J. Hyun and Y. Igarashi and C. Iglesias and Y. Iida and T. Iijima and M. Imamura and K. Inami and C. Irmler and M. Ishizuka and K. Itagaki and R. Itoh and M. Iwabuchi and G. Iwai and M. Iwai and M. Iwasaki and M. Iwasaki and Y. Iwasaki and T. Iwashita and S. Iwata and H. Jang and X. Ji and T. Jinno and M. Jones and T. Julius and T. Kageyama and D. H. Kah and H. Kakuno and T. Kamitani and K. Kanazawa and P. Kapusta and S. U. Kataoka and N. Katayama and M. Kawai and Y. Kawai and T. Kawasaki and J. Kennedy and H. Kichimi and M. Kikuchi and C. Kiesling and B. K. Kim and G. N. Kim and H. J. Kim and H. O. Kim and J. -B. Kim and J. H. Kim and M. J. Kim and S. K. Kim and K. T. Kim and T. Y. Kim and K. Kinoshita and K. Kishi and B. Kisielewski and K. Kleese van Dam and J. Knopf and B. R. Ko and M. Koch and P. Kodys and C. Koffmane and Y. Koga and T. Kohriki and S. Koike and H. Koiso and Y. Kondo and S. Korpar and R. T. Kouzes and Ch. Kreidl and M. Kreps and P. Krizan and P. Krokovny and H. Krueger and A. Kruth and W. Kuhn and T. Kuhr and R. Kumar and T. Kumita and S. Kupper and A. Kuzmin and P. Kvasnicka and Y. -J. Kwon and C. Lacasta and J. S. Lange and I. -S. Lee and M. J. Lee and M. W. Lee and S. -H. Lee and M. Lemarenko and J. Li and W. D. Li and Y. Li and J. Libby and A. Limosani and C. Liu and H. Liu and Y. Liu and Z. Liu and D. Liventsev and A. Lopez Virto and Y. Makida and Z. P. Mao and C. Marinas and M. Masuzawa and D. Matvienko and W. Mitaroff and K. Miyabayashi and H. Miyata and Y. Miyazaki and T. Miyoshi and R. Mizuk and G. B. Mohanty and D. Mohapatra and A. Moll and T. Mori and A. Morita and Y. Morita and H. -G. Moser and D. Moya Martin and T. Mueller and D. Muenchow and J. Murakami and S. S. Myung and T. Nagamine and I. Nakamura and T. T. Nakamura and E. Nakano and H. Nakano and M. Nakao and H. Nakazawa and S. -H. Nam and Z. Natkaniec and E. Nedelkovska and K. Negishi and S. Neubauer and C. Ng and J. Ninkovic and S. Nishida and K. Nishimura and E. Novikov and T. Nozaki and S. Ogawa and K. Ohmi and Y. Ohnishi and T. Ohshima and N. Ohuchi and K. Oide and S. L. Olsen and M. Ono and Y. Ono and Y. Onuki and W. Ostrowicz and H. Ozaki and P. Pakhlov and G. Pakhlova and H. Palka and H. Park and H. K. Park and L. S. Peak and T. Peng and I. Peric and M. Pernicka and R. Pestotnik and M. Petric and L. E. Piilonen and A. Poluektov and M. Prim and K. Prothmann and K. Regimbal and B. Reisert and R. H. Richter and J. Riera-Babures and A. Ritter and A. Ritter and M. Ritter and M. Roehrken and J. Rorie and M. Rosen and M. Rozanska and L. Ruckman and S. Rummel and V. Rusinov and R. M. Russell and S. Ryu and H. Sahoo and K. Sakai and Y. Sakai and L. Santelj and T. Sasaki and N. Sato and Y. Sato and J. Scheirich and J. Schieck and C. Schwanda and A. J. Schwartz and B. Schwenker and A. Seljak and K. Senyo and O. -S. Seon and M. E. Sevior and M. Shapkin and V. Shebalin and C. P. Shen and H. Shibuya and S. Shiizuka and J. -G. Shiu and B. Shwartz and F. Simon and H. J. Simonis and J. B. Singh and R. Sinha and M. Sitarz and P. Smerkol and A. Sokolov and E. Solovieva and S. Stanic and M. Staric and J. Stypula and Y. Suetsugu and S. Sugihara and T. Sugimura and K. Sumisawa and T. Sumiyoshi and K. Suzuki and S. Y. Suzuki and H. Takagaki and F. Takasaki and H. Takeichi and Y. Takubo and M. Tanaka and S. Tanaka and N. Taniguchi and E. Tarkovsky and G. Tatishvili and M. Tawada and G. N. Taylor and Y. Teramoto and I. Tikhomirov and K. Trabelsi and T. Tsuboyama and K. Tsunada and Y. -C. Tu and T. Uchida and S. Uehara and K. Ueno and T. Uglov and Y. Unno and S. Uno and P. Urquijo and Y. Ushiroda and Y. Usov and S. Vahsen and M. Valentan and P. Vanhoefer and G. Varner and K. E. Varvell and P. Vazquez and I. Vila and E. Vilella and A. Vinokurova and J. Visniakov and M. Vos and C. H. Wang and J. Wang and M. -Z. Wang and P. Wang and A. Wassatch and M. Watanabe and Y. Watase and T. Weiler and N. Wermes and R. E. Wescott and E. White and J. Wicht and L. Widhalm and K. M. Williams and E. Won and H. Xu and B. D. Yabsley and H. Yamamoto and H. Yamaoka and Y. Yamaoka and M. Yamauchi and Y. Yin and H. Yoon and J. Yu and C. Z. Yuan and Y. Yusa and D. Zander and M. Zdybal and Z. P. Zhang and J. Zhao and L. Zhao and Z. Zhao and V. Zhilich and P. Zhou and V. Zhulanov and T. Zivko and A. Zupanc and O. Zyukova},
      year={2010},
      eprint={1011.0352},
      archivePrefix={arXiv},
      primaryClass={physics.ins-det}
}

﻿@Article{Kuhr2018,
author={Kuhr, T.
and Pulvermacher, C.
and Ritter, M.
and Hauth, T.
and Braun, N.},
title={The Belle II Core Software},
journal={Computing and Software for Big Science},
year={2018},
month={Nov},
day={28},
volume={3},
number={1},
pages={1},
abstract={Modern high-energy physics (HEP) enterprises, such asthe Belle II experiment (Abe et al, Belle II Technical Design Report. KEK Report 2010-1, 2010; Kou et al, The Belle II Physics book. KEK Preprint 2018-27, 2018) at the KEK laboratory in Japan, create huge amounts of data. Sophisticated algorithms for simulation, reconstruction, visualization, and analysis are required to fully exploit the potential of these data. We describe the core components of the Belle II software that provide the foundation for the development of complex algorithms and their efficient application on large data sets.},
issn={2510-2044},
doi={10.1007/s41781-018-0017-9},
url={https://doi.org/10.1007/s41781-018-0017-9}
}

@article{Lange:2001uf,
    author = "Lange, D. J.",
    editor = "Erhan, S. and Schlein, P. and Rozen, Y.",
    title = "{The EvtGen particle decay simulation package}",
    doi = "10.1016/S0168-9002(01)00089-4",
    journal = "Nucl. Instrum. Meth. A",
    volume = "462",
    pages = "152--155",
    year = "2001"
}

@article{Wa_s_2001,
   title={TAUOLA the library for τ lepton decay, and KKMC/KORALB/KORALZ/… status report},
   volume={98},
   ISSN={0920-5632},
   url={http://dx.doi.org/10.1016/S0920-5632(01)01200-2},
   DOI={10.1016/s0920-5632(01)01200-2},
   number={1-3},
   journal={Nuclear Physics B - Proceedings Supplements},
   publisher={Elsevier BV},
   author={Wa̧s, Z.},
   year={2001},
   month={Apr},
   pages={96–102}
}

@article{Sj_strand_2015,
   title={An introduction to PYTHIA 8.2},
   volume={191},
   ISSN={0010-4655},
   url={http://dx.doi.org/10.1016/j.cpc.2015.01.024},
   DOI={10.1016/j.cpc.2015.01.024},
   journal={Computer Physics Communications},
   publisher={Elsevier BV},
   author={Sjöstrand, Torbjörn and Ask, Stefan and Christiansen, Jesper R. and Corke, Richard and Desai, Nishita and Ilten, Philip and Mrenna, Stephen and Prestel, Stefan and Rasmussen, Christine O. and Skands, Peter Z.},
   year={2015},
   month={Jun},
   pages={159–177}
}

@inproceedings{Sjostrand:2006su,
    author = "Sjostrand, Torbjorn",
    title = "{Monte Carlo Generators}",
    booktitle = "{2006 European School of High-Energy Physics}",
    eprint = "hep-ph/0611247",
    archivePrefix = "arXiv",
    reportNumber = "CERN-LCGAPP-2006-06",
    month = "11",
    year = "2006"
}

@article{GEANT4:2002zbu,
    author = "Agostinelli, S. and others",
    collaboration = "GEANT4",
    title = "{GEANT4--a simulation toolkit}",
    reportNumber = "SLAC-PUB-9350, FERMILAB-PUB-03-339, CERN-IT-2002-003",
    doi = "10.1016/S0168-9002(03)01368-8",
    journal = "Nucl. Instrum. Meth. A",
    volume = "506",
    pages = "250--303",
    year = "2003"
}

@article{PhysRevD.102.115001,
  title = {New method for beyond the Standard Model invisible particle searches in tau lepton decays},
  author = {De La Cruz-Burelo, E. and De Yta-Hernandez, A. and Hernandez-Villanueva, M.},
  journal = {Phys. Rev. D},
  volume = {102},
  issue = {11},
  pages = {115001},
  numpages = {7},
  year = {2020},
  month = {Dec},
  publisher = {American Physical Society},
  doi = {10.1103/PhysRevD.102.115001},
  url = {https://link.aps.org/doi/10.1103/PhysRevD.102.115001}
}

@article{Harland-Lang:2012zen,
    author = "Harland-Lang, L. A. and Kom, C. H. and Sakurai, K. and Stirling, W. J.",
    title = "{Mass Shell Technique for Measuring Masses of a Pair of Semi-Invisibly Decaying Particles}",
    eprint = "1202.0047",
    archivePrefix = "arXiv",
    primaryClass = "hep-ph",
    reportNumber = "CAVENDISH-HEP-2012-01, LTH-937, DESY-11-233",
    doi = "10.1103/PhysRevLett.108.181805",
    journal = "Phys. Rev. Lett.",
    volume = "108",
    pages = "181805",
    year = "2012"
}

@book{Halzen:1984mc,
    author = "Halzen, F. and Martin, Alan D.",
    title = "{QUARKS AND LEPTONS: AN INTRODUCTORY COURSE IN MODERN PARTICLE PHYSICS}",
    isbn = "978-0-471-88741-6",
    year = "1984"
}

@article{Brun:1997pa,
    author = "Brun, R. and Rademakers, F.",
    editor = "Werlen, M. and Perret-Gallix, D.",
    title = "{ROOT: An object oriented data analysis framework}",
    doi = "10.1016/S0168-9002(97)00048-X",
    journal = "Nucl. Instrum. Meth. A",
    volume = "389",
    pages = "81--86",
    year = "1997"
}

@article{Hocker:2007ht,
    author = "Hocker, Andreas and others",
    title = "{TMVA - Toolkit for Multivariate Data Analysis}",
    eprint = "physics/0703039",
    archivePrefix = "arXiv",
    reportNumber = "CERN-OPEN-2007-007",
    month = "3",
    year = "2007"
}